@misc{pastraiser,
  title={Gameboy {CPU} ({LR35902}) instruction set},
  howpublished={\url{http://www.pastraiser.com/cpu/gameboy/gameboy_opcodes.html}}
}
